<?xml version="1.0" encoding="UTF-8"?><record xmlns="http://www.loc.gov/MARC21/slim" xmlns:cinclude="http://apache.org/cocoon/include/1.0" xmlns:zs="http://www.loc.gov/zing/srw/">
  <leader>00630nz  a2200157n  4500</leader>
  <controlfield tag="001">no2012002503</controlfield>
  <controlfield tag="003">DLC</controlfield>
  <controlfield tag="005">20120108075243.0</controlfield>
  <controlfield tag="008">120106n| acannaabn          |a ana     c</controlfield>
  <datafield tag="010" ind1=" " ind2=" ">
    <subfield code="a">no2012002503</subfield>
  </datafield>
  <datafield tag="035" ind1=" " ind2=" ">
    <subfield code="a">(OCoLC)oca09079446</subfield>
  </datafield>
  <datafield tag="040" ind1=" " ind2=" ">
    <subfield code="a">MH</subfield>
    <subfield code="b">eng</subfield>
    <subfield code="c">MH</subfield>
  </datafield>
  <datafield tag="110" ind1="2" ind2=" ">
    <subfield code="a">Association universelle des amis de Jeanne d'Arc</subfield>
  </datafield>
  <datafield tag="510" ind1="2" ind2=" ">
    <subfield code="w">a</subfield>
    <subfield code="a">Amis de Jeanne d'Arc (Paris, France)</subfield>
  </datafield>
  <datafield tag="670" ind1=" " ind2=" ">
    <subfield code="a">Revue Jeanne d'Arc, mai 2010:</subfield>
    <subfield code="b">p. 1 (Association universelle des amis de Jeanne d'Arc; Paris; www.amis-jeanne-d'Arc.org)</subfield>
  </datafield>
  <datafield tag="675" ind1=" " ind2=" ">
    <subfield code="a">Amis de Jeanne d'Arc (Series). Les Amis de Jeanne d'Arc, 4e trimestre 1979: t.p. (Les amis de Jeanne d'Arc, Paris)</subfield>
  </datafield>
</record>